<record><leader>00000cas a22000007a 4500</leader><controlfield tag="001">37390812</controlfield><controlfield tag="008">970731d19891997cauwr ne      0    0eng d</controlfield><datafield ind1=" " ind2=" " tag="010"><subfield code="a">sn 97060803 </subfield></datafield><datafield ind1=" " ind2=" " tag="040"><subfield code="a">CNK</subfield><subfield code="b">eng</subfield><subfield code="c">CNK</subfield><subfield code="d">OCLCQ</subfield><subfield code="d">OCLCF</subfield><subfield code="d">OCLCO</subfield></datafield><datafield ind1="1" ind2=" " tag="029"><subfield code="a">AU@</subfield><subfield code="b">000013409166</subfield></datafield><datafield ind1=" " ind2=" " tag="042"><subfield code="a">msc</subfield></datafield><datafield ind1=" " ind2=" " tag="043"><subfield code="a">n-us-ca</subfield></datafield><datafield ind1="0" ind2="0" tag="245"><subfield code="a">Coalinga record the Coalinga courier.</subfield></datafield><datafield ind1="1" ind2=" " tag="246"><subfield code="i">Published occasionally as:</subfield><subfield code="a">Coalinga record and the Coalinga courier</subfield></datafield><datafield ind1="1" ind2="3" tag="246"><subfield code="a">Coalinga record &amp; the Coalinga courier</subfield></datafield><datafield ind1=" " ind2=" " tag="260"><subfield code="a">Coalinga, Calif. :</subfield><subfield code="b">Central Calif. Pub. Co.</subfield></datafield><datafield ind1=" " ind2=" " tag="300"><subfield code="a">v.</subfield></datafield><datafield ind1=" " ind2=" " tag="310"><subfield code="a">Weekly</subfield></datafield><datafield ind1="0" ind2=" " tag="362"><subfield code="a">Vol. 86 [i.e. 85], no. 14 (Apr. 5, 1989)-v. 94, no. 3 (Jan. 15, 1997).</subfield></datafield><datafield ind1=" " ind2="0" tag="651"><subfield code="a">Coalinga (Calif.)</subfield><subfield code="v">Newspapers.</subfield></datafield><datafield ind1=" " ind2="7" tag="655"><subfield code="a">Newspapers.</subfield><subfield code="2">fast</subfield><subfield code="0">(OCoLC)fst01423814</subfield></datafield><datafield ind1=" " ind2="7" tag="651"><subfield code="a">California</subfield><subfield code="z">Coalinga.</subfield><subfield code="2">fast</subfield><subfield code="0">(OCoLC)fst01217485</subfield></datafield><datafield ind1=" " ind2=" " tag="752"><subfield code="a">United States</subfield><subfield code="b">California</subfield><subfield code="c">Fresno</subfield><subfield code="d">Coalinga.</subfield></datafield><datafield ind1="0" ind2="4" tag="780"><subfield code="t">Coalinga record (Coalinga, Calif. : 1977)</subfield><subfield code="w">(DLC)sn 97060801</subfield></datafield><datafield ind1="0" ind2="4" tag="780"><subfield code="t">Coalinga courier</subfield><subfield code="w">(DLC)sn 97060802</subfield></datafield><datafield ind1="0" ind2="0" tag="785"><subfield code="t">Coalinga record (Coalinga, Calif. : 1997)</subfield><subfield code="w">(DLC)sn 97060804</subfield></datafield></record>